
@inproceedings{POI1,
 author    = "Fengwei Yu and
 	Wenbo Li and 
 	Quanquan Li and
 	Yu Liu and
 	Xiaohua Shi and
 	Junjie Yan",
  title     = "POI: Multiple Object Tracking with High Performance Detection and Appearance Feature",
  booktitle = {ECCV BMTT workshop},
  year = {2016}
}